@article{weiser2002computer,
  title={The computer for the 21st century},
  author={Weiser, Mark},
  journal={IEEE pervasive computing},
  volume={1},
  number={1},
  pages={19--25},
  year={2002},
  publisher={IEEE}
}
@inproceedings{hupfeld2000spatially,
  title={Spatially aware local communication in the RAUM system},
  author={Hupfeld, Felix and Beigl, Michael},
  booktitle={International Workshop on Interactive Distributed Multimedia Systems and Telecommunication Services},
  pages={285--296},
  year={2000},
  organization={Springer}
}
@inproceedings{tan2010future,
  title={Future internet: The internet of things},
  author={Tan, Lu and Wang, Neng},
  booktitle={2010 3rd international conference on advanced computer theory and engineering (ICACTE)},
  volume={5},
  pages={V5--376},
  year={2010},
  organization={IEEE}
}
@article{ashton2009internet,
  title={That ‘internet of things’ thing},
  author={Ashton, Kevin and others},
  journal={RFID journal},
  volume={22},
  number={7},
  pages={97--114},
  year={2009},
  publisher={Jun}
}
@article{madakam2015internet,
  title={Internet of Things (IoT): A literature review},
  author={Madakam, Somayya and Ramaswamy, R and Tripathi, Siddharth},
  journal={Journal of Computer and Communications},
  volume={3},
  number={05},
  pages={164},
  year={2015},
  publisher={Scientific Research Publishing}
}
@inproceedings{chung2018explorations,
  title={Explorations on reciprocal interplay in things ecology},
  author={Chung, David and Funk, Mathias and Liang, Rung-Huei and Chen, Lin-Lin},
  booktitle={Proceedings of the 19th International ACM SIGACCESS Conference on Computers and Accessibility},
  pages={51--56},
  year={2018},
  organization={ACM}
}
@article{atzori2010internet,
  title={The internet of things: A survey},
  author={Atzori, Luigi and Iera, Antonio and Morabito, Giacomo},
  journal={Computer networks},
  volume={54},
  number={15},
  pages={2787--2805},
  year={2010},
  publisher={Elsevier}
}
@article{atzori2011siot,
  title={Siot: Giving a social structure to the internet of things},
  author={Atzori, Luigi and Iera, Antonio and Morabito, Giacomo},
  journal={IEEE communications letters},
  volume={15},
  number={11},
  pages={1193--1195},
  year={2011},
  publisher={IEEE}
}
@article{atzori2012social,
  title={The social internet of things (siot)--when social networks meet the internet of things: Concept, architecture and network characterization},
  author={Atzori, Luigi and Iera, Antonio and Morabito, Giacomo and Nitti, Michele},
  journal={Computer networks},
  volume={56},
  number={16},
  pages={3594--3608},
  year={2012},
  publisher={Elsevier}
}
@inproceedings{okada2016autonomous,
  title={Autonomous cooperation of social things: Designing a system for things with unique personalities in IoT},
  author={Okada, Miyo and Ueki, Atsuro and Jonasson, Niclas and Yamanouchi, Masato and Norlin, Cristian and Sunahara, Hideki and Formo, Joakim and Anneroth, Mikael and Inakage, Masa},
  booktitle={Proceedings of the 6th International Conference on the Internet of Things},
  pages={35--42},
  year={2016},
  organization={ACM}
}
@article{hall1963system,
  title={A system for the notation of proxemic behavior1},
  author={Hall, Edward T},
  journal={American anthropologist},
  volume={65},
  number={5},
  pages={1003--1026},
  year={1963},
  publisher={Wiley Online Library}
}
@book{hall1910hidden,
  title={The hidden dimension},
  author={Hall, Edward Twitchell},
  volume={609},
  year={1910},
  publisher={Garden City, NY: Doubleday}
}
@inproceedings{vermeulen2015proxemic,
  title={Proxemic flow: Dynamic peripheral floor visualizations for revealing and mediating large surface interactions},
  author={Vermeulen, Jo and Luyten, Kris and Coninx, Karin and Marquardt, Nicolai and Bird, Jon},
  booktitle={IFIP Conference on Human-Computer Interaction},
  pages={264--281},
  year={2015},
  organization={Springer}
}
@inproceedings{ledo2015proxemic,
  title={Proxemic-aware controls: Designing remote controls for ubiquitous computing ecologies},
  author={Ledo, David and Greenberg, Saul and Marquardt, Nicolai and Boring, Sebastian},
  booktitle={Proceedings of the 17th International Conference on Human-Computer Interaction with Mobile Devices and Services},
  pages={187--198},
  year={2015},
  organization={ACM}
}
@inproceedings{ballendat2010proxemic,
  title={Proxemic interaction: designing for a proximity and orientation-aware environment},
  author={Ballendat, Till and Marquardt, Nicolai and Greenberg, Saul},
  booktitle={ACM International Conference on Interactive Tabletops and Surfaces},
  pages={121--130},
  year={2010},
  organization={ACM}
}
@article{fiske1992four,
  title={The four elementary forms of sociality: framework for a unified theory of social relations.},
  author={Fiske, Alan P},
  journal={Psychological review},
  volume={99},
  number={4},
  pages={689},
  year={1992},
  publisher={American Psychological Association}
}
@inproceedings{pintus2015humanizing,
  title={Humanizing the Internet of Things-Toward a Human-centered Internet-and-web of Things.},
  author={Pintus, Antonio and Carboni, Davide and Serra, Alberto and Manchinu, Andrea},
  booktitle={WEBIST},
  pages={498--503},
  year={2015}
}
@book{soro2018social,
  title={Social Internet of Things},
  author={Soro, Alessandro and Brereton, Margot and Roe, Paul},
  year={2018},
  publisher={Springer}
}
@inproceedings{spadafora2016designing,
  title={Designing the behavior of interactive objects},
  author={Spadafora, Marco and Chahuneau, Victor and Martelaro, Nikolas and Sirkin, David and Ju, Wendy},
  booktitle={Proceedings of the TEI'16: Tenth International Conference on Tangible, Embedded, and Embodied Interaction},
  pages={70--77},
  year={2016},
  organization={ACM}
}
@book{matthews2003personality,
  title={Personality traits},
  author={Matthews, Gerald and Deary, Ian J and Whiteman, Martha C},
  year={2003},
  publisher={Cambridge University Press}
}