@article{bagherianrelationship,
  title={The Relationship between BIG Five Personality Traits and Assertiveness},
  author={Bagherian, Mandana and Mojambari, Adis Kraskian}
}
@article{kirst2011investigating,
  title={Investigating the relationship between assertiveness and personality characteristics},
  author={Kirst, Laura K},
  year={2011}
}
@article{ramanaiah1993neo,
  title={NEO personality inventory profiles of assertive and nonassertive persons},
  author={Ramanaiah, Nerella V and Deniston, William M},
  journal={Psychological reports},
  volume={73},
  number={1},
  pages={336--338},
  year={1993},
  publisher={SAGE Publications Sage CA: Los Angeles, CA}
}
@article{lefevre1981assertiveness,
  title={Assertiveness: Correlations with self-esteem locus of control, interpersonal anxiety, fear of disapproval, and depression.},
  author={Lefevre, Esther R and West, Malcolm L},
  journal={Psychiatric Journal of the University of Ottawa},
  year={1981},
  publisher={Canadian Medical Assn}
}
@article{costa1988catalog,
  title={From catalog to classification: Murray's needs and the five-factor model.},
  author={Costa Jr, Paul T and McCrae, Robert R},
  journal={Journal of personality and social psychology},
  volume={55},
  number={2},
  pages={258},
  year={1988},
  publisher={American Psychological Association}
}
@book{matthews2003personality,
  title={Personality traits},
  author={Matthews, Gerald and Deary, Ian J and Whiteman, Martha C},
  year={2003},
  publisher={Cambridge University Press}
}